@inproceedings{hamza2024predicting,
  title={Predicting Asthma Attacks Through AI-Powered Thermal Imaging Analysis of Breathing Patterns},
  author={Hamza, Amir and Himeur, Yassine and Amira, Abbes and Oulefki, Adel},
  booktitle={2024 IEEE 10th International Conference on Big Data Computing Service and Machine Learning Applications (BigDataService)},
  pages={82--86},
  year={2024},
  organization={IEEE}
}
@article{kang2024novel,
  title={Novel artificial intelligence-based technology to diagnose asthma using methacholine challenge tests},
  author={Kang, Noeul and Lee, KyungHyun and Byun, Sangwon and Lee, Jin-Young and Choi, Dong-Chull and Lee, Byung-Jae},
  journal={Allergy, Asthma \& Immunology Research},
  volume={16},
  number={1},
  pages={42},
  year={2024},
  publisher={Korean Academy of Asthma, Allergy and Clinical Immunology and Korean Academy~â€¦}
}
@inproceedings{soni2024machine,
  title={Machine Learning in Healthcare: Decision Trees for Asthma Risk Prediction},
  author={Soni, Tanishq and Gupta, Deepali and Dutta, Monica},
  booktitle={2024 4th International Conference on Sustainable Expert Systems (ICSES)},
  pages={1211--1214},
  year={2024},
  organization={IEEE}
}
@article{gunawardana2024machine,
  title={Machine learning approaches for asthma disease prediction among adults in Sri Lanka},
  author={Gunawardana, JRNA and Viswakula, SD and Rannan-Eliya, Ravindra P and Wijemunige, Nilmini},
  journal={Health Informatics Journal},
  volume={30},
  number={3},
  pages={14604582241283968},
  year={2024},
  publisher={SAGE Publications Sage UK: London, England}
}